@book{stewart2015calculus,
  title     = {Calculus: Early Transcendentals},
  author    = {Stewart, James},
  year      = {2015},
  edition   = {8th},
  publisher = {Cengage Learning},
  isbn      = {978-1285741550}}

@book{anton2005calculus,
  title     = {Calculus: A New Horizon},
  author    = {Anton, Howard},
  year      = {2005},
  edition   = {8th},
  publisher = {Wiley},
  isbn      = {978-0471482735}
}

@book{thomas2018calculus,
  title     = {Thomas' Calculus},
  author    = {Hass, Joel and Heil, Christopher and Weir, Maurice},
  year      = {2018},
  edition   = {14th},
  publisher = {Pearson},
  isbn      = {978-0134438986}
}

@book{stroud2003engineering,
  title     = {Engineering Mathematics},
  author    = {Stroud, Kenneth A.},
  year      = {2003},
  edition   = {5th},
  publisher = {Palgrave Macmillan},
  isbn      = {978-0333980930}
}

@book{boas2006mathematical,
  title     = {Mathematical Methods in the Physical Sciences},
  author    = {Boas, Mary L.},
  year      = {2006},
  edition   = {3rd},
  publisher = {Wiley},
  isbn      = {978-0471198260}
}

@book{kreyzig2011advanced,
  title     = {Advanced Engineering Mathematics},
  author    = {Kreyzig, Erwin},
  year      = {2011},
  edition   = {10th},
  publisher = {Wiley},
  isbn      = {978-0470458365}
}

@book{larson2018calculus,
  title     = {Calculus},
  author    = {Larson, Ron and Edwards, Bruce H.},
  year      = {2018},
  edition   = {11th},
  publisher = {Cengage Learning},
  isbn      = {978-1337275347}
}
